@misc{DGS.(2011).Direção Geral de Saúde.,
  title = {Obtido de Efeitos do fumo dos incêndios na saúde:},
  howpublished = {\url{https://www.dgs.pt/paginas-de-sistema/saude-de-a-a-z/incendios/efeitos-do-fumo-dos-incendios-na-saude.aspx}},
  note = {Acedido a: 2017-11-13}
  }
@misc{DGS.(2011).Direção Geral de Saúde.,
  title = {Obtido de Riscos para a saúde resultantes da ocorrência de incêndios:},
  howpublished = {\url{https://www.dgs.pt/saude-ambiental-calor/incendios-riscos.aspx}},
  note = {Acedido a: 2017-11-13}
  }
@misc{George, F. Direção Geral de Saúde.,
  title = {Obtido de Medidas preventivas à exposição a fumo de incêndios:},
  howpublished = {\url{https://www.dgs.pt/a-direccao-geral-da-saude/comunicados-e-despachos-do-director-geral/medidas-preventivas-a-exposicao-a-fumo-de-incendios-pdf.aspx}},
  note = {Acedido a: 2017-11-13}
  }
@misc{ICNF,
  title = {ICNF-Instituto de Conservação da Natureza e das Florestas. Obtido de},
  howpublished = {\url{ http://www.icnf.pt/portal/florestas/dfci}},
  note = {Acedido a: 2017-11-13}
}  
 @misc{Portuguesa, R. Portugal.,
  title = {Obtido de Apoio e encaminhamento às populações afetadas pelos incêndios de junho:},
  howpublished = {\url{https://www.portugal.gov.pt/media/31277878/20170803-mtsss-linha-144.pdf}},
  note = {Acedido a: 2017-11-13}
} 
@misc{prociv Proteção Civil Portugal. ,
  title = {Obtido de Cuidados a ter com a floresta- Prevenção:},
  howpublished = {\url{http://www.prociv.pt/pt-pt/RISCOSPREV/RISCOSNAT/INCENDIOSFLORESTAIS/Paginas/default.aspx#/collapse-4}},
  note = {Acedido a: 2017-11-13}
}
@misc{Republica Portuguesa,
  title = {Apoio e encaminhamento às populações afetadas pelos incêndios de junho/Novas funcionalidades da linha 144 . Portugal.},
  howpublished = {\url{https://justica.gov.pt/Noticias/fogos-na-regiao-centro-governo-reforca-apoio-com-linha-144}},
  note = {Acedido a: 2017-11-13}











